<record><leader>00000cas a22000007a 4500</leader><controlfield tag="001">11751682</controlfield><controlfield tag="008">850301d18481868ohuwr ne      0    0eng d</controlfield><datafield ind1=" " ind2=" " tag="010"><subfield code="a">sn 85038104 </subfield></datafield><datafield ind1=" " ind2=" " tag="040"><subfield code="a">NPY</subfield><subfield code="b">eng</subfield><subfield code="c">NPY</subfield><subfield code="d">NPX</subfield><subfield code="d">NPU</subfield><subfield code="d">DLC</subfield><subfield code="d">ONP</subfield><subfield code="d">OCL</subfield><subfield code="d">NPH</subfield><subfield code="d">OCLCQ</subfield><subfield code="d">OCLCG</subfield><subfield code="d">OCLCQ</subfield><subfield code="d">OCLCA</subfield><subfield code="d">OCLCQ</subfield><subfield code="d">OCLCA</subfield></datafield><datafield ind1=" " ind2=" " tag="019"><subfield code="a">2269495</subfield></datafield><datafield ind1=" " ind2=" " tag="042"><subfield code="a">msc</subfield></datafield><datafield ind1="0" ind2=" " tag="130"><subfield code="a">Western standard (Celina, Ohio : 1848)</subfield></datafield><datafield ind1="1" ind2="4" tag="245"><subfield code="a">The Western standard.</subfield></datafield><datafield ind1=" " ind2=" " tag="260"><subfield code="a">Celina, Mercer County, Ohio :</subfield><subfield code="b">Blocher &amp; Snyder,</subfield><subfield code="c">-1868.</subfield></datafield><datafield ind1=" " ind2=" " tag="300"><subfield code="a">volumes ;</subfield><subfield code="c">59 cm</subfield></datafield><datafield ind1=" " ind2=" " tag="310"><subfield code="a">Weekly</subfield></datafield><datafield ind1=" " ind2=" " tag="336"><subfield code="a">text</subfield><subfield code="b">txt</subfield><subfield code="2">rdacontent</subfield></datafield><datafield ind1=" " ind2=" " tag="337"><subfield code="a">unmediated</subfield><subfield code="b">n</subfield><subfield code="2">rdamedia</subfield></datafield><datafield ind1=" " ind2=" " tag="338"><subfield code="a">volume</subfield><subfield code="b">nc</subfield><subfield code="2">rdacarrier</subfield></datafield><datafield ind1="1" ind2=" " tag="362"><subfield code="a">Began with Aug. 4, 1848 issue.</subfield><subfield code="z">Cf. Gutgesell, S. Guide to Ohio newspapers, 1974.</subfield></datafield><datafield ind1="0" ind2=" " tag="362"><subfield code="a">; new ser. v. 1, no. 1 (Mar. 22, 1855)-v. 14, no. 34 (Oct. 29, 1868).</subfield></datafield><datafield ind1=" " ind2=" " tag="500"><subfield code="a">Editors: W.L. Blocher, &lt;1852&gt;-1855; Snyder Brothers, 1855-1866; A.P.J. Snyder, 1867-1868.</subfield></datafield><datafield ind1=" " ind2=" " tag="500"><subfield code="a">Publishers: Blocher &amp; Snyder &lt;1852&gt;-1855; Snyder Bros., 1855-1866; D.J. Callen &amp; Co., 1866-1867; A.P.J. Snyder, 1867-1868.</subfield></datafield><datafield ind1=" " ind2=" " tag="500"><subfield code="a">"Democratic." Cf. Gutgesell, S. Guide to Ohio newspapers, 1974.</subfield></datafield><datafield ind1=" " ind2=" " tag="588"><subfield code="a">Description based on: New ser. v. 1, no. 43 (Feb. 6, 1851).</subfield></datafield><datafield ind1="1" ind2=" " tag="700"><subfield code="a">Blocher, W. L.</subfield><subfield code="q">(William L.),</subfield><subfield code="d">-approximately 1865.</subfield></datafield><datafield ind1="1" ind2=" " tag="700"><subfield code="a">Snyder, Alexis P. J.</subfield></datafield><datafield ind1=" " ind2=" " tag="752"><subfield code="a">United States</subfield><subfield code="b">Ohio</subfield><subfield code="c">Mercer</subfield><subfield code="d">Celina.</subfield></datafield><datafield ind1="0" ind2="0" tag="785"><subfield code="t">Mercer County standard (Celina, Ohio : 1868)</subfield><subfield code="w">(DLC)sn 85038105</subfield></datafield><datafield ind1="1" ind2=" " tag="029"><subfield code="a">AU@</subfield><subfield code="b">000025790088</subfield></datafield></record>